@article{knuth84,
  author = {Knuth, Donald E.},
  title = {Literate Programming},
  year = {1984},
  issue_date = {May 1984},
  publisher = {Oxford University Press, Inc.},
  address = {USA},
  volume = {27},
  number = {2},
  issn = {0010-4620},
  url = {https://doi.org/10.1093/comjnl/27.2.97},
  doi = {10.1093/comjnl/27.2.97},
  journal = {Comput. J.},
  month = may,
  pages = {97–111},
  numpages = {15}
}



@article{hopkins2000,
	title = {Measures of Reliability in Sports Medicine and Science:},
	author = {Hopkins, Will G.},
	year = {2000},
	date = {2000},
	journal = {Sports Medicine},
	pages = {1--15},
	volume = {30},
	number = {1},
	doi = {10.2165/00007256-200030010-00001},
	url = {http://link.springer.com/10.2165/00007256-200030010-00001},
	langid = {en}
}

@book{godfrey-smith2003,
	title = {Theory and reality: an introduction to the philosophy of science},
	author = {Godfrey-Smith, Peter},
	year = {2003},
	date = {2003},
	publisher = {University of Chicago Press},
	series = {Science and its conceptual foundations},
	address = {Chicago}
}

@article{glass2010,
	title = {A Critique of the Hypothesis, and a Defense of the Question, as a Framework for Experimentation},
	author = {Glass, David J},
	year = {2010},
	month = {07},
	date = {2010-07-01},
	journal = {Clinical Chemistry},
	pages = {1080--1085},
	volume = {56},
	number = {7},
	doi = {10.1373/clinchem.2010.144477},
	url = {https://academic.oup.com/clinchem/article/56/7/1080/5622360},
	langid = {en}
}

@article{vassend2023a,
	title = {KvantMet: Vitenskapsfilosofi Dag 1},
	author = {Vassend, Olav},
	year = {2023},
	month = {10},
	date = {2023-10-09},
	langid = {Norsk (Bokmål)}
}

@article{stove1965,
	title = {Hume, Probability, and Induction},
	author = {Stove, D.},
	year = {1965},
	month = {04},
	date = {1965-04},
	journal = {The Philosophical Review},
	pages = {160},
	volume = {74},
	number = {2},
	doi = {10.2307/2183263},
	url = {https://www.jstor.org/stable/2183263?origin=crossref}
}

@article{vassend2023b,
	title = {KvantMet: Vitenskapsfilosofi Dag 2},
	author = {Vassend, Olav},
	year = {2023},
	month = {10},
	date = {2023-10-12},
	langid = {Norsk (Bokmål)}
}

@book{popper1982,
	title = {Quantum theory and the schism in physics},
	author = {Popper, Karl R. and Bartley, William Warren and Popper, Karl R.},
	year = {1982},
	date = {1982},
	publisher = {Rowan and Littlefield},
	series = {The Postscript to The logic of scientific discovery / as edited by W.W. Bartley, III},
	address = {Totowa, N.J}
}
